<?xml version="1.0" encoding="UTF-8"?><collection xmlns="http://www.loc.gov/MARC21/slim"><record><leader>00410nam--2200121-i-4500</leader><controlfield tag="001">000018227</controlfield><controlfield tag="002">20161230</controlfield><controlfield tag="005">20161230201032</controlfield><controlfield tag="008">060222s1000------------r-----000-0-eng-d</controlfield><datafield ind1=" " ind2=" " tag="100"><subfield code="a">Edlen, Bengt</subfield></datafield><datafield ind1=" " ind2=" " tag="245"><subfield code="a">Wellenlangen und termsysteme zu den atomspectren der elemente lithium,beryllium, bor,kohlenstoff,stickstoff und sauerstoff</subfield></datafield><datafield ind1=" " ind2=" " tag="260"><subfield code="a">Upsala, Norblads Bokhandel, 1934. 153 P. Mit 59 Figuren</subfield></datafield><datafield ind1=" " ind2=" " tag="852"><subfield code="a">5768</subfield></datafield></record></collection>